@article{Williams:2009dw,
	Author = {Sam Williams and Richard Vuduc and Leonid Oliker and John Shalf and Katherine Yelick and James Demmel},
	Doi = {http://dx.doi.org/10.1016/j.parco.2008.12.006},
	Journal = {Journal of Parallel Computing},
	Month = {March},
	Note = {\textbf{Most downloaded paper, Q1 2009}},
	Number = {3},
	Pages = {178--194},
	Title = {Optimizing sparse matrix-vector multiply on emerging multicore platforms},
	Volume = {35},
	Year = {2009}}

@inproceedings{Venkatasubramanian:2009nu,
	Address = {New York, NY, USA},
	Author = {Sundaresan Venkatasubramanian and Richard W. Vuduc},
	Booktitle = {Proc.~ACM Int'l. Conf. Supercomputing (ICS)},
	Date-Added = {2009-06-30 11:56:46 -0400},
	Date-Modified = {2009-06-30 11:58:17 -0400},
	Doi = {http://dx.doi.org/10.1145/1542275.1542312},
	Month = {June},
	Title = {Tuned and wildly asynchronous stencil kernels for hybrid {CPU/GPU} platforms},
	Year = {2009},
	Bdsk-File-1 = {YnBsaXN0MDDUAQIDBAUGCQpYJHZlcnNpb25UJHRvcFkkYXJjaGl2ZXJYJG9iamVjdHMSAAGGoNEHCFRyb290gAFfEA9OU0tleWVkQXJjaGl2ZXKoCwwXGBkdJCVVJG51bGzTDQ4PEBEUViRjbGFzc1dOUy5rZXlzWk5TLm9iamVjdHOAB6ISE4ACgAOiFRaABIAGWWFsaWFzRGF0YVxyZWxhdGl2ZVBhdGjSDRobHFdOUy5kYXRhgAVPEQHcAAAAAAHcAAIAAAtJbnNvbW5pYSBIRAAAAAAAAAAAAAAAAAAAAADD/E13SCsAAADme4YdVmVua2F0YXN1YnJhbWFuaWFuLTIwMDludS5wZGYAAAAAAAAAAAAAAAAAAAAAAAAAAAAAAAAAAAAAAAAAAAAAAcx618ZvrmsAAAAAAAAAAAABAAMAAAkgAAAAAAAAAAAAAAAAAAAACnBhcGVyLXJlcG8AEAAIAADD/IW3AAAAEQAIAADGb+arAAAAAQAUAOZ7hgBG2qoAEi6qABIukwAAet0AAgBQSW5zb21uaWEgSEQ6VXNlcnM6cmljaGllOkRvY3VtZW50czpiaWJzOnBhcGVyLXJlcG86VmVua2F0YXN1YnJhbWFuaWFuLTIwMDludS5wZGYADgA8AB0AVgBlAG4AawBhAHQAYQBzAHUAYgByAGEAbQBhAG4AaQBhAG4ALQAyADAAMAA5AG4AdQAuAHAAZABmAA8AGAALAEkAbgBzAG8AbQBuAGkAYQAgAEgARAASAERVc2Vycy9yaWNoaWUvRG9jdW1lbnRzL2JpYnMvcGFwZXItcmVwby9WZW5rYXRhc3VicmFtYW5pYW4tMjAwOW51LnBkZgATAAEvAAAVAAIADf//AADSHh8gIVgkY2xhc3Nlc1okY2xhc3NuYW1loyEiI11OU011dGFibGVEYXRhVk5TRGF0YVhOU09iamVjdF8QKHBhcGVyLXJlcG8vVmVua2F0YXN1YnJhbWFuaWFuLTIwMDludS5wZGbSHh8mJ6InI1xOU0RpY3Rpb25hcnkACAARABoAHwApADIANwA6AD8AQQBTAFwAYgBpAHAAeACDAIUAiACKAIwAjwCRAJMAnQCqAK8AtwC5ApkCngKnArICtgLEAssC1AL/AwQDBwAAAAAAAAIBAAAAAAAAACgAAAAAAAAAAAAAAAAAAAMU},
	Bdsk-Url-1 = {http://dx.doi.org/10.1145/1542275.1542312}}

@inproceedings{Volkov:2008rm,
	Address = {Austin, TX, USA},
	Author = {Vasily Volkov and James W. Demmel},
	Booktitle = {Proc.~ACM/IEEE Conf.~on Supercomputing (SC)},
	Month = {November},
	Title = {Benchmarking {GPUs} to tune dense linear algebra},
	Year = {2008}}

@inproceedings{Hong:2009om,
	Address = {Austin, TX, USA},
	Author = {Sunpyo Hong and Hyesoon Kim},
	Booktitle = {Proc.~ACM Int'l. Symp. Comp. Arch. (ISCA)},
	Doi = {http://dx.doi.org/10.1145/1555815.1555775},
	Month = {June},
	Pages = {152--163},
	Title = {An analytical model for a {GPU} architecture with memory-level and thread-level parallelism awareness},
	Year = {2009}}

@inproceedings{Bell:2009py,
	Address = {Portland, OR, USA},
	Author = {Nathan Bell and Michael Garland},
	Booktitle = {Proc.~ACM/IEEE Conf.~Supercomputing (SC)},
	Date-Added = {2009-07-14 15:34:25 -0400},
	Date-Modified = {2009-07-14 15:35:31 -0400},
	Month = {November},
	Title = {Efficient sparse matrix-vector multiplication on {CUDA}},
	Year = {2009}}


@ARTICLE{luk:mow01,
AUTHOR="Chi-Keung Luk and Tood Mowry",
TITLE="Architectural and compiler support for effective instruction prefetching: a cooperative approach",
JORUNAL="ACM Transactions on Computer Systems (TOCS)",
VOLUME=19,
NUMBER=1,
PAGES="71--109",
YEAR= 2001,
MONTH=feb,
}

@INPROCEEDINGS{cal:ken91,
  AUTHOR = "D. Callahan and K. Kennedy and A. Porterfield",
  TITLE = "Software Prefetching",
  BOOKTITLE = "ASPLOS-IV",
  YEAR = 1991,
  PAGES = "40--52"
}

@INPROCEEDINGS{per:mou04,
AUTHOR={Daniel Gracia Perez and Gilles Mouchard and Olivier Temam},
TITLE={{MicroLib}: {A} Case for the Quantitative Comparison of Micro-Architecture Mechanisms},
BOOKTITLE={Proc.~MICRO},
YEAR={2004},
}

@article{van:lil00,
 author = {Steven P. Vanderwiel and David J. Lilja},
 title = {Data prefetch mechanisms},
 journal = {ACM Comput. Surv.},
 volume = {32},
 number = {2},
 year = {2000},
 issn = {0360-0300},
 pages = {174--199},
 doi = {http://doi.acm.org/10.1145/358923.358939},
 publisher = {ACM},
 address = {New York, NY, USA},
}

@inproceedings{son:kan09,
        author = {Son, Seung Woo and Kandemir, Mahmut and Karakoy, Mustafa and Chakrabarti, Dhruva},
        title = {A compiler-directed data prefetching scheme for chip multiprocessors},
        booktitle = {PPoPP'09},
        year = {2009},
        isbn = {978-1-60558-397-6},
        pages = {209--218},
        location = {Raleigh, NC, USA},
        doi = {http://doi.acm.org/10.1145/1504176.1504208},
        publisher = {ACM},
        address = {New York, NY, USA},
}

@inproceedings{Arora:2009tb,
	Address = {Vienna, Austria},
	Author = {Nitin Arora and Aashay Shringarpure and Richard Vuduc},
	Booktitle = {Proc.~Int'l. Conf. Parallel Processing (ICPP)},
	Date-Added = {2009-06-30 11:52:55 -0400},
	Date-Modified = {2009-06-30 11:55:29 -0400},
	Month = {September},
	Title = {Direct $n$-body kernels for multicore platforms},
	Year = {2009}}

@inproceedings{Lashuk:2009mw,
	Address = {Portland, OR, USA},
	Author = {Ilya Lashuk and Aparna Chandramowlishwaran and Harper Langston and Tuan-Anh Nguyen and Rahul Sampath and Aashay Shringarpure and Richard Vuduc and Lexing Ying and Denis Zorin and George Biros},
	Booktitle = {Proc.~ACM/IEEE Conf.~Supercomputing (SC)},
	Month = {November},
	Note = {\textbf{Finalist, Best Paper}},
	Title = {A massively parallel adaptive fast multipole method on heterogeneous architectures},
	Year = {2009}}

@inproceedings{Kang:2009xq,
	Address = {Rome, Italy},
	Author = {Seunghwa Kang and David Bader and Richard Vuduc},
	Booktitle = {Proc.~IEEE Int'l. Parallel and Distributed Processing Symp. (IPDPS)},
	Month = {May},
	Title = {Understanding the design trade-offs among current multicore systems for numerical computations},
	Year = {2009}}

@misc{Choi:2009ud,
	Author = {Jee Whan Choi and Amik Singh and Richard W. Vuduc},
	Howpublished = {\textit{submitted}},
	Month = {July},
	Title = {Model-driven autotuning of sparse matrix-vector multiply on {GPUs}},
	Year = {2009}}

@InProceedings{Williams2007:spmv:DONOTUSE,
author = {Sam Williams and Leonid Oliker and Richard Vuduc and John Shalf and James Demmel and Katherine Yelick},
title = {Optimizing sparse matrix-vector multiply on leading multicore platforms},
booktitle = {Proc.~ACM/IEEE Conf. on Supercomputing},
address = {Reno, NV, USA},
month = {November},
year = {2007}
}

@InProceedings{Schordan2003:ROSE,
  author =       "Markus Schordan and Daniel Quinlan",
  title =        "A Source-To-Source Architecture for User-Defined Optimizations",
  booktitle =      "JMLC'03: Joint Modular Languages Conference",
  series    = {Lecture Notes in Computer Science},
  volume =       {2789},
  month =        aug,
  publisher =    "Springer Verlag",
  year =         "2003",
  pages =        "214--223",
}

@InProceedings{OSKI,
  author = {Richard Vuduc and James W. Demmel and Katherine A. Yelick},
  title = {{OSKI}: A library of automatically tuned sparse matrix kernels},
  booktitle = {Proceedings of SciDAC 2005},
  series = {Journal of Physics: Conference Series},
  publisher = {Institute of Physics Publishing},
  address = {San Francisco, CA, USA},
  month = {June},
  year = {2005}
}

@PhDThesis{Vuduc2004:thesis,
author = {Richard Vuduc},
title = {Automatic performance tuning of sparse matrix kernels},
school = {EECS Dept., CS Division, University of California},
address = {Berkeley, CA, USA},
year = {2004}
}

@Article{Im2004:sparsity,
author = {E. J. Im and K. Yelick and R. Vuduc},
title = {SPARSITY: Optimization Framework for Sparse Matrix Kernels},
journal = {International Journal of High Performance Computing
           Applications},
year = {2004},
volume = {18},
number = {1},
pages = {135--158}
}

@InProceedings{Demmel2005:SALAAS,
author = {James Demmel and Jack Dongarra and Victor Eijkhout and
          Erika Fuentes and Antoine Petitet and Richard Vuduc and
          R. Clint Whaley and Katherine Yelick},
title = {Self Adapting Linear Algebra Algorithms and Software},
booktitle = {Proceedings of the IEEE: Special Issue on Program
             Generation, Optimization, and Adaptation},
month = {February},
year = {2005}
}

@InProceedings{Willenbring2006:Kokkos:OSKI,
author = {J. W. Willenbring and A. A. Anda and M. Heroux},
title = {Improving sparse matrix-vector product kernel performance and availabillity},
booktitle = {Proc.~Midwest Instruction and Computing Symposium},
address = {Mt.~Pleasant, IA},
year = {2006},
url = {http://www.micsymposium.org/mics_2006/papers/WillenbringAndaHeroux.pdf}
}
% Student project to build OSKI wrappers for Trilinos' Kokkos package.

@InProceedings{Willcock2006:spmv:compress,
author = {J. Willcock and A. Lumsdaine},
title = {Accelerating sparse matrix computations via data compression},
booktitle = {Proc.~International Conference on Supercomputing (ICS)},
address = {Cairns, Australia},
month = {June},
year = {2006}
}
% Describes delta-coded CSR (DCSR) and row-pattern CSR (RPCSR) data
% structures.

@Article{Nishtala2007:cb,
  author = {R. Nishtala and R. Vuduc and J. W. Demmel and K. A. Yelick},
  title = {When cache blocking sparse matrix vector multiply works and why},
  journal = {Applicable Algebra in Engineering, Communication,
    and Computing},
  editor = {Jerzy Wasniewski and Jack Dongarra and Sivan Toledo
    and Zahari Zlatev},
  month = {March},
  year = {2007},
  url = {http://dx.doi.org/10.1007/s00200-007-0038-9}
}
% R&R: UCRL-JRNL-217633

@INPROCEEDINGS{Temam92:smvm:model,
  author = {O. Temam and W. Jalby},
  title = {Characterizing the Behavior of Sparse Algorithms on Caches},
  booktitle = {Proc.~Supercomputing},
  year = {1992},
  owner = {vuduc2},
  timestamp = {2007.03.20}
}

@INPROCEEDINGS{Pinar99:smvm:reorder,
  author = {A. Pinar and M. Heath},
  title = {Improving performance of sparse matrix-vector multiplication},
  booktitle = {Proc.~Supercomputing},
  year = {1999},
  owner = {vuduc2},
  timestamp = {2007.03.20}
}

@INPROCEEDINGS{MellorCrummey2002:smvm:unrolljam,
  author = {J. Mellor-Crummey and J. Garvin},
  title = {Optimizing sparse matrix vector multiply using unroll-and-jam},
  booktitle = {Proc.~LACSI Symposium},
  year = {2002},
  address = {Santa Fe, NM, USA},
  month = {October},
  owner = {vuduc2},
  timestamp = {2007.03.20}
}

@INPROCEEDINGS{Geus99:smvm,
  author = {R. Geus and S. R{\"o}llin},
  title = {Towards a fast parallel sparse matrix-vector multiplication},
  booktitle = {Proceedings of the International Conference on Parallel Computing
        (ParCo)},
  year = {1999},
  editor = {E. H. D'Hollander and J. R. Joubert and F. J. Peters and H. Sips},
  pages = {308--315},
  publisher = {Imperial College Press},
  owner = {vuduc2},
  timestamp = {2007.03.20}
}

@INPROCEEDINGS{Toledo97:smvm,
  author = {S. Toledo},
  title = {Improving memory-system performance of sparse matrix-vector multiplication},
  booktitle = {Eighth SIAM Conference on Parallel Processing for
        Scientific Computing},
  year = {1997},
  month = {March},
  owner = {vuduc2},
  timestamp = {2007.03.20}
}

@TechReport{Blelloch93:spmat:segsum,
        author = {G. E. Blelloch and M. A. Heroux and M. Zagha},
        title = {Segmented operations for sparse matrix computations on
                vector multiprocessors},
        institution = {Department of Computer Science, CMU},
        number = {CMU-CS-93-173},
        year = {1993}
}

@Article{Brainman2002:nestdissect,
    author = {I. Brainman and S. Toledo},
    title = {Nested-Dissection Orderings for Sparse {LU}
        with Partial Pivoting},
    journal = {SIAM Journal on Matrix Analysis and Applications},
    volume = {23},
    number = {4},
    month = {May},
    year = {2002},
    pages = {998--1012}
}

@InProceedings{Cuthill69:reordering,
    author = {E. Cuthill and J. McKee},
    title = {Reducing the bandwidth of sparse symmetric matrices},
    booktitle = {Proceedings of the ACM National Conference},
    year = {1969}
}

@Article{Heber2000:SAW,
    author = {Gerd Heber and Rupak Biswas and Guang R. Rao},
    title = {Self-avoiding walks over adaptive unstructured grids},
    journal = {Concurrency: Practice and Experience},
    volume = {12},
    number = {2--3},
    pages = {85--109},
    year = {2000}
}


@Article{Karypis99:ParMETIS,
author = {G. Karypis and V. Kumar},
title = {Parallel Multilevel k-way Partitioning Scheme for Irregular Graphs},
journal = {SIAM Review},
volume = {41},
number = {2},
pages = {278--300},
year = {1999}
}

@Article{Amestoy96:amd,
    author = {Patrick R. Amestoy and Timothy A. Davis and Iain S. Duff},
    title = {An approximate minimum degree ordering algorithm},
    journal = {SIAM Journal on Matrix Analysis and Applications},
    volume = {17},
    number = {4},
    pages = {886--905},
    year = {1996}
}

@Article{Rose73:mindegree,
    author = {D. J. Rose},
    title = {A graph-theoretic study of the numerical solution of
        sparse positive definite systems of linear equations},
    journal = {Graph Theory and Computing},
    editor = {R. C. Read},
    address = {New York}, 
    publisher = {Academic Press},
    year = {1973},
    pages = {183--217}
}

@Article{George73:nestdiss,
        author = {Alan George},
        title = {Nested dissection of a regular finite element mesh},
        journal = {SIAM Journal on Numerical Analysis},
        volume = {10},
        number = {2},
        pages = {345--363},
        month = {April},
        year = {1973}
}

@InProceedings{Heras99:smvm:model,
  author = {D. B. Heras and V. B. Perez and
    J. C. Cabaleiro Dominguez and F. F. Rivera},
  title = {Modeling and improving locality for irregular problems:
    sparse matrix-vector product on cache memories as a case study},
  booktitle = {{HPCN} Europe},
  pages = {201--210}, 
  year = {1999}
} 

@InProceedings{DAzevedo2005:spmv:x1,
        author = {E. D'Azevedo and M. R. Fahey and R. T. Mills},
        title = {Vectorized sparse matrix multiply for compressed sparse row
                storage},
        booktitle = {Proceedings of the International Conference on
                Computational Science}, 
        address = {Atlanta, GA, USA},
        publisher = {Springer}, 
        series = {LNCS 3514},
        pages = {99--106},
        month = {May},
        year = {2005}
}       

@Article{Baker2005:LGMRES,
 author =      {A. H. Baker and E. R. Jessup and T. Manteuffel},
 title =      {A technique for accelerating the convergence of restarted {GMRES}},
 journal =      {SIAM Journal on Matrix Analysis and Applications},
 year =      2005,
 volume =     26,
 number =     4,
 pages =     {962-984}
}

@TechReport{Marques95:BLZPACK,
author = {Osni A. Marques},
title = {{BLZPACK}: {Description} and user's guide},
number = {TR/PA/95/30},
institution = {CERFACS, Toulouse, France},
year = {1995}
}

@INPROCEEDINGS{Balay97:PETSc,
author = {S. Balay and W. D. Gropp and L. C. McInnes and B. F. Smith},
title = {Efficient Management of Parallelism in Object Oriented Numerical Software
         Libraries},
booktitle = {Modern Software Tools in Scientific Computing},
year = {1997},
editor = {E. Arge and A. M. Bruaset and H. P. Langtangen},
pages = {163--202},
owner = {vuduc2},
timestamp = {2007.03.20}
}

@Article{Stathopoulos2002:PRIMME,
author = {A. Stathopoulos and K. Wu},
title = {A block orthogonalization procedure with constant synchronization requirements},
journal = {SIAM J.~Sci.~Comput.},
volume = {23},
number = {6},
year = {2002},
pages = {2165--2182}
}

@InProceedings{Vuduc2005:ubcsrsplit,
	author = {Richard Vuduc and Hyun-Jin Moon},
	title = {Fast sparse matrix vector multiplication by exploiting
			variable block structure},
	booktitle = {Proceedings of the International Conference on
		High-Performance Computing and Communications},
	address = {Sorrento, Italy},
	series = {LNCS 3726},
  pages = {807--816},
	month = {September},
	year = {2005}
}
% R&R: UCRL-TR-213454
% R&R: UCRL-PRES-215506

@InProceedings{Lee2004:spmv:symm,
	author = {Benjamin C. Lee and Richard Vuduc and James Demmel
		and Katherine Yelick},
	title = {Performance models for evaluation and automatic tuning
		of symmetric sparse matrix-vector multiply},
	booktitle = {Proceedings of the International Conference on
		Parallel Processing},
	address = {Montreal, Canada},
	month = {August},
	year = {2004}
}

@Article{Vuduc2004:statmod,
	author = {Richard Vuduc and James Demmel and Jeff Bilmes},
	title = {Statistical Models for Automatic Performance Tuning},
	journal = {International Journal of High Performance Computing
		Applications},
	year = {2004},
	volume = {18},
	number = {1},
	pages = {65--94}
}

@InProceedings{Vuduc2003:ata:bounds,
	author = {Richard Vuduc and Attila Gyulassy and James W. Demmel
		and Katherine A. Yelick},
	title = {Memory Hierarchy Optimizations and Bounds for Sparse
		{$A^TAx$}},
	booktitle = {Proceedings of the ICCS Workshop on Parallel
		Linear Algebra},
	volume = {LNCS},
	publisher = {Springer},
	address = {Melbourne, Australia},
	month = {June},
	year = {2003}
}

@InProceedings{Vuduc2002:smvm:bounds,
	author = {Richard Vuduc and James W. Demmel and Katherine A. Yelick
		and Shoaib Kamil and Rajesh Nishtala and Benjamin Lee},
	title = {Performance Optimizations and Bounds for Sparse Matrix-Vector
		Multiply},
	booktitle = {Proceedings of Supercomputing},
	address = {Baltimore, MD, USA},
	month = {November},
	year = {2002},
}
% Finalist, Best student paper

@InProceedings{Vuduc2002:sts:bounds,
	author = {Richard Vuduc and Shoaib Kamil and Jen Hsu and
		Rajesh Nishtala and James W. Demmel and Katherine A. Yelick},
	title = {Automatic Performance Tuning and Analysis of Sparse
		Triangular Solve},
	booktitle = {ICS 2002: Workshop on Performance Optimization via
		High-Level Languages and Libraries},
	address = {New York, USA},
	month = {June},
	year = {2002},
}
% Winner, Best student presentation
% Winner, Best student paper




% === TO CITE ===
% 1. Iterative compilation (O'Boyle; Knijnenburg; Hall)
% 2. Performance modeling: HPCToolkit
% 3. Performance assertions (Vetter)
% 4. POET (Yi)
% 5. ROSE (Quinlan)
% 6. ActiveHarmony (Hollingsworth)
% 7. Hypersparse stuff (Gilbert IPDPS 2008)

@inproceedings{Vetter2002:perfassert,
 author = {Jeffrey S. Vetter and Patrick H. Worley},
 title = {Asserting performance expectations},
 booktitle = {Supercomputing '02: Proceedings of the 2002 ACM/IEEE conference on Supercomputing},
 year = {2002},
 pages = {1--13},
 location = {Baltimore, Maryland},
 publisher = {IEEE Computer Society Press},
 address = {Los Alamitos, CA, USA},
 }

% eof
